<collection xmlns="http://www.loc.gov/MARC21/slim">
<record>
  <leader>01730nam0a22002771i 450 </leader>
  <controlfield tag="001">IT\ICCU\CNCE\075667</controlfield>
  <controlfield tag="005">20120322000000.0</controlfield>
  <datafield tag="012" ind1=" " ind2=" ">
    <subfield code="a">o-i. .Ii- s,e- teci (3) 1559 (R)</subfield>
    <subfield code="2">fei</subfield>
  </datafield>
  <datafield tag="100" ind1=" " ind2=" ">
    <subfield code="a">20110215d1559        0itac0103    ba</subfield>
  </datafield>
  <datafield tag="101" ind1=" " ind2=" ">
    <subfield code="a">LAT</subfield>
  </datafield>
  <datafield tag="102" ind1=" " ind2=" ">
    <subfield code="a">IT</subfield>
  </datafield>
  <datafield tag="200" ind1="1" ind2=" ">
    <subfield code="a">℗B. Isidori Hispalensis quondam archiepisco. ℗De officiis ecclesiastici libri duo ante annos, 900 ab eo editi</subfield>
  </datafield>
  <datafield tag="210" ind1=" " ind2=" ">
    <subfield code="a">Venetiis</subfield>
    <subfield code="c">in coenobio Sanctae Mariae Magdalenae per monialium poenitentium manus</subfield>
    <subfield code="c">veneunt in vico Sanctae Mariae Formosae ad signum Spei</subfield>
    <subfield code="d">1559</subfield>
  </datafield>
  <datafield tag="215" ind1=" " ind2=" ">
    <subfield code="a">96 c.</subfield>
    <subfield code="d">16ʻ</subfield>
  </datafield>
  <datafield tag="620" ind1=" " ind2=" ">
    <subfield code="a">IT</subfield>
    <subfield code="d">Venezia</subfield>
  </datafield>
  <datafield tag="700" ind1=" " ind2="0">
    <subfield code="a">Isidorus</subfield>
    <subfield code="c"> : Hispalensis</subfield>
    <subfield code="c"> &lt;santo&gt;</subfield>
    <subfield code="3">IT\ICCU\CNCA\005620</subfield>
  </datafield>
  <datafield tag="712" ind1="0" ind2="2">
    <subfield code="a">℗al segno della ℗Speranza</subfield>
    <subfield code="3">IT\ICCU\CNCT\000116</subfield>
    <subfield code="4">650</subfield>
  </datafield>
  <datafield tag="712" ind1="0" ind2="2">
    <subfield code="a">Tipografia del Monastero delle Convertite</subfield>
    <subfield code="3">IT\ICCU\CNCT\000998</subfield>
    <subfield code="4">650</subfield>
  </datafield>
  <datafield tag="790" ind1=" " ind2="0">
    <subfield code="a">Isidoro</subfield>
    <subfield code="c"> : di#Siviglia</subfield>
    <subfield code="c"> &lt;santo&gt;</subfield>
    <subfield code="3">IT\ICCU\CNCA\014540</subfield>
    <subfield code="z">Isidorus : Hispalensis &lt;santo&gt;</subfield>
  </datafield>
  <datafield tag="790" ind1=" " ind2="1">
    <subfield code="a">Sevilla,</subfield>
    <subfield code="b">Isidoro : de</subfield>
    <subfield code="3">IT\ICCU\CNCA\020145</subfield>
    <subfield code="z">Isidorus : Hispalensis &lt;santo&gt;</subfield>
  </datafield>
  <datafield tag="791" ind1="0" ind2="2">
    <subfield code="a">℗ad signum ℗Spei</subfield>
    <subfield code="3">IT\ICCU\CNCT\002890</subfield>
    <subfield code="z">℗al segno della ℗Speranza</subfield>
  </datafield>
  <datafield tag="791" ind1="0" ind2="2">
    <subfield code="a">℗In ℗Coenobio Sanctae Mariae Magdalenae</subfield>
    <subfield code="3">IT\ICCU\CNCT\002907</subfield>
    <subfield code="z">Tipografia del Monastero delle Convertite</subfield>
  </datafield>
  <datafield tag="801" ind1=" " ind2="3">
    <subfield code="a">IT</subfield>
    <subfield code="b">ICCU</subfield>
    <subfield code="c">20201115</subfield>
  </datafield>
  <datafield tag="899" ind1=" " ind2=" ">
    <subfield code="a">Biblioteca comunale Passerini Landi. Piacenza</subfield>
    <subfield code="1">PC0030</subfield>
    <subfield code="2">PIA PL</subfield>
  </datafield>
  <datafield tag="911" ind1=" " ind2=" ">
    <subfield code="a">Sul front.</subfield>
    <subfield code="9">IT\ICCU\CNCM\000487</subfield>
  </datafield>
  <datafield tag="921" ind1=" " ind2=" ">
    <subfield code="a">IT\ICCU\CNCM\000487</subfield>
    <subfield code="b">Maria Maddalena coperta dai capelli e sollevata al cielo dagli angeli. In basso monache in preghiera.</subfield>
    <subfield code="e">1) Optimam partem elegit sibi Maria, quae non auferetur ab ea in eternum; 2) Ognun che&apos;l mondo desidera sprezzare questo vivo esempio debba considerare.</subfield>
    <subfield code="c">V404</subfield>
    <subfield code="d">Dimensioni: 3,4 x 4,8</subfield>
    <subfield code="f">MADDALENA</subfield>
    <subfield code="f">OPTIMAMPAR</subfield>
    <subfield code="f">OGNUNCHE</subfield>
    <subfield code="g">1557-1561</subfield>
  </datafield>
</record>
</collection>
